@misc{selfish,
  title={Selfish routing and the price of anarchy},
  author={Roughgarden, Tim},
  year={2005},
  publisher={MIT press Cambridge}
}
@article{designing,
  title={On the severity of Braess's paradox: designing networks for selfish users is hard},
  author={Roughgarden, Tim},
  journal={Journal of Computer and System Sciences},
  volume={72},
  number={5},
  pages={922--953},
  year={2006},
  publisher={Academic Press}
}
@article{tardos,
  title={How bad is selfish routing?},
  author={Roughgarden, Tim and Tardos, {\'E}va},
  journal={Journal of the ACM (JACM)},
  volume={49},
  number={2},
  pages={236--259},
  year={2002},
  publisher={ACM}
}
@phdthesis{thesis,
  title={Selfish routing},
  author={Roughgarden, Tim},
  year={2002},
  school={Cornell University}
}
@inproceedings{fibonacci,
  title={Braess's paradox, Fibonacci numbers, and exponential inapproximability},
  author={Lin, Henry and Roughgarden, Tim and Tardos, {\'E}va and Walkover, Asher},
  booktitle={International Colloquium on Automata, Languages, and Programming},
  pages={497--512},
  year=2005,
  organization={Springer Berlin Heidelberg}
}
@article{fortune,
  title={The directed subgraph homeomorphism problem},
  author={Fortune, Steven and Hopcroft, John and Wyllie, James},
  journal={Theoretical Computer Science},
  volume={10},
  number={2},
  pages={111--121},
  year={1980},
  publisher={Elsevier}
}