@inproceedings{inferring,
  title={Inferring networks of diffusion and influence},
  author={Gomez Rodriguez, Manuel and Leskovec, Jure and Krause, Andreas},
  booktitle={Proceedings of the 16th ACM SIGKDD international conference on Knowledge discovery and data mining},
  pages={1019--1028},
  year={2010},
  organization={ACM}
}
